@inproceedings{Kao:2015:NFI:2702123.2702572,
 author = {Kao, Hsin-Liu (Cindy) and Dementyev, Artem and Paradiso, Joseph A. and Schmandt, Chris},
 title = {NailO: Fingernails As an Input Surface},
 booktitle = {Proceedings of the 33rd Annual ACM Conference on Human Factors in Computing Systems},
 series = {CHI '15},
 year = {2015},
 isbn = {978-1-4503-3145-6},
 location = {Seoul, Republic of Korea},
 pages = {3015--3018},
 numpages = {4},
 url = {http://doi.acm.org/10.1145/2702123.2702572},
 doi = {10.1145/2702123.2702572},
 acmid = {2702572},
 publisher = {ACM},
 address = {New York, NY, USA},
 keywords = {beauty technology, capacitive touch, gesture recognition, printed electronics, wearable electronics},
}

@misc{Quadroid,
title = {Quadroid},
url = {http://www.quadroid.io/}
}

@misc{BLE,
	title = {Bluetooth LE (BLE) Beetle Wearable Microcontroller },
	OPTsubtitle = {Arduino Compatible},
	OPThowpublished = {Web},
	OPTurl = {http://4tronix.co.uk/store/index.php?rt=product/product&product_id=482},
	OPTurldate = {May 29th, 2015},
}
